% Encoding: UTF-8
%% Collection types such as multi-author books and proceedings must be at the end

@Proceedings{icad2013,
  title        = {7th {I}nternational {C}onference on {A}xiomatic {D}esign ({ICAD} 2013)},
  year         = {2013},
  editor       = {Mary Kathryn Thompson},
  volume       = {32},
  address      = {Worchester, MA},
  publisher    = {Axiomatic Design Solutions, Inc.},
  month        = {Jun. 27--28},
  organization = {CIRP},
  booktitle    = {7th {I}nternational {C}onference on {A}xiomatic {D}esign ({ICAD} 2013)},
  optmonth     = {#jun#},
  owner        = {foley},
  timestamp    = {2016.02.23},
}

@Proceedings{icad2014,
  title        = {8th {I}nternational {C}onference on {A}xiomatic {D}esign ({ICAD} 2014)},
  year         = {2014},
  editor       = {Mary Kathryn Thompson},
  volume       = {33},
  address      = {Lisboa, Portugal},
  publisher    = {Axiomatic Design Solutions, Inc.},
  month        = {Sep. 24--26},
  organization = {CIRP},
  booktitle    = {8th {I}nternational {C}onference on {A}xiomatic {D}esign ({ICAD} 2014)},
  optmonth     = {#sep#},
  owner        = {foley},
  timestamp    = {2016.02.23},
}

@Proceedings{icad2015,
  title        = {9th {I}nternational {C}onference on {A}xiomatic {D}esign ({ICAD})},
  year         = {2015},
  editor       = {Mary Kathryn Thompson and Alessandro Giorgetti and Paolo Citti and Dominik Matt and Nam P. Suh},
  volume       = {34},
  address      = {Florence, Italy},
  publisher    = {Elsevier ScienceDirect},
  organization = {Procedia CIRP},
  note         = {Sep. 16--18},
  booktitle    = {9th {I}nternational {C}onference on {A}xiomatic {D}esign ({ICAD})},
  doi          = {10.1016/j.procir.2015.07.061},
  owner        = {foley},
  timestamp    = {2016-03-09},
}

@Proceedings{icad2016,
  title        = {10th {I}nternational {C}onference on {A}xiomatic {D}esign ({ICAD})},
  year         = {2016},
  editor       = {Ang Liu},
  volume       = {53},
  address      = {Xi'an, Shaanxi, China},
  publisher    = {Elsevier ScienceDirect},
  organization = {Procedia CIRP},
  note         = {Sep. 21--23},
  booktitle    = {10th {I}nternational {C}onference on {A}xiomatic {D}esign ({ICAD})},
  owner        = {foley},
  timestamp    = {2016-07-15},
}

@Proceedings{icad2017,
  title     = {11th {I}nternational {C}onference on {A}xiomatic {D}esign ({ICAD})},
  year      = {2017},
  editor    = {Oana Dodoun},
  address   = {Iasi, Romania},
  publisher = {MATEC Web of Conferences},
  note      = {Sep. 15--18},
  booktitle = {11th {I}nternational {C}onference on {A}xiomatic {D}esign ({ICAD})},
  owner     = {foley},
  timestamp = {2016-07-15},
}

@Proceedings{icad2018,
  title     = {12th {I}nternational {C}onference on {A}xiomatic {D}esign ({ICAD})},
  year      = {2018},
  editor    = {Erik Puik and Joseph T. Foley and David Cochran and Mirzi Betasolo},
  address   = {Reykjav√≠k, Iceland},
  publisher = {MATEC Web of Conferences},
  note      = {October. 9--11},
  booktitle = {12th {I}nternational {C}onference on {A}xiomatic {D}esign ({ICAD})},
  owner     = {foley},
  timestamp = {20186-09-29},
}

@Proceedings{icad2019,
  title     = {13th {I}nternational {C}onference on {A}xiomatic {D}esign ({ICAD})},
  year      = {2019},
  editor    = {Ang Liu and Erik Puik and Joseph T. Foley},
  address   = {Sydney, Australia},
  publisher = {MATEC Web of Conferences},
  note      = {October. 18--20},
  booktitle = {12th {I}nternational {C}onference on {A}xiomatic {D}esign ({ICAD})},
  owner     = {foley},
  timestamp = {20186-09-29},
}

@Proceedings{cirpdc2016,
  title        = {26th CIRP Design Conference},
  year         = {2016},
  address      = {Stockholm, Sweden},
  publisher    = {Elsevier ScienceDirect},
  organization = {Procedia CIRP},
  note         = {Jun. 15--17},
  booktitle    = {26th CIRP Design Conference},
  owner        = {foley},
  timestamp    = {2016-07-15},
}

@Proceedings{cirpdc2017,
  title        = {Complex Systems Engineering and Development Proceedings of the 27th CIRP Design Conference},
  year         = {2017},
  address      = {Cranfield University, UK},
  publisher    = {Elsevier ScienceDirect},
  organization = {Procedia CIRP},
  note         = {May 10--12},
  booktitle    = {Complex Systems Engineering and Development Proceedings of the 27th CIRP Design Conference},
  owner        = {foley},
  timestamp    = {2017-05-30},
}

@Book{ulrich_product_2015,
  title     = {Product {Design} and {Development}},
  publisher = {McGraw-Hill Education},
  year      = {2015},
  author    = {Ulrich, Karl and Eppinger, Steven},
  address   = {New York, NY},
  edition   = {6 edition},
  month     = apr,
  isbn      = {978-0-07-802906-6},
  language  = {English},
}

@Misc{noauthor_keurig_2019,
  title     = {Keurig},
  month     = apr,
  year      = {2019},
  note      = {Page Version ID: 894804138},
  copyright = {Creative Commons Attribution-ShareAlike License},
  file      = {Snapshot:C\:\\Users\\Jim\\Zotero\\storage\\VX3PG7CS\\index.html:text/html},
  journal   = {Wikipedia},
  language  = {en},
  url       = {https://en.wikipedia.org/w/index.php?title=Keurig&oldid=894804138},
  urldate   = {2019-05-05},
}

@Comment{jabref-meta: databaseType:bibtex;}
