@online{apriltag_generation,
    title = "{April Tag Generation Github Repository}",
    url = "https://github.com/AprilRobotics/apriltag-generation",
    note = "(accessed: 2021.3.25)",
    keywords = "April Tag Generation"
}

@mastersthesis{joshua_master_thesis,
    author = "Springer, Joshua",
    title = "{Autonomous Landing of a Multicopter Using Computer Vision}",
    school = "Reykjavík University",
    year = "2020",
    url = "http://hdl.handle.net/1946/36422"
}

@misc{uzgit_whycon,
    url = {https://github.com/uzgit/whycon-ros},
    author = {Joshua Springer},
    title = {WhyCon ROS Github Repository},
    note = {(accessed: 2021.9.30)},
}

@misc{julrich_whycon,
    url = {https://github.com/jiriUlr/whycon-ros},
    author = {Jiri Ulrich},
    title = {WhyCon ROS Github Repository},
    note = {(accessed: 2021.9.30)},
}

@misc{LCAS_whycon,
    url = {https://github.com/LCAS/whycon},
    author = "Nitsche, Matias and Krajn{\' i}k, Tom{\' a}{\v s}",
    title = {Original WhyCon ROS Github Repository},
    note = {(accessed: 2021.9.30)},
    doi = {10.5281/zenodo.10049},
}

@misc{rpi_drone_github_repo,
    url = {https://github.com/uzgit/rpi_drone},
    author = {Joshua Springer},
    title = {Raspberry Pi Drone},
    note = {(accessed: 2021.9.27)},
}

@misc{raspberry_pi_drone_thingiverse_original,
    author = {Thingiverse (arks007)},
    title = {Raspberry Pi Drone (NIACAM: TXSEF 2016-2017)},
    url = {https://www.thingiverse.com/thing:2269010},
    note = {(accessed: 2021.9.24)},
}

@misc{mavlink_io,
    author = "Dronecode",
    title = "{{MAVLink Micro Air Vehicle Communication Protocol}}",
    url = "https://mavlink.io/en/",
    note = "(accessed: 2021.5.19)"
}

@article{rooftop_landing,
    author = "Desaraju, Vishnu and Michael, Nathan and Humenberger, Martin and Brockers, Roland and Weiss, Stephan and Nash, Jeremy and Matthies, Larry",
    year = "2015",
    month = "07",
    pages = "",
    title = "Vision-based landing site evaluation and informed optimal trajectory generation toward autonomous rooftop landing",
    volume = "39",
    journal = "Autonomous Robots",
    doi = "10.1007/s10514-015-9456-x"
}

@article{drone_slam_to_exploration,
    author = {von Stumberg, Lukas and Usenko, Vladyslav and Engel, Jakob and St{\"{u}}ckler, J{\"{o}}rg and Cremers, Daniel},
    title = "{Autonomous Exploration with a Low-Cost Quadrocopter using Semi-Dense Monocular {SLAM}}",
    journal = "CoRR",
    volume = "abs/1609.07835",
    year = "2016",
    archivePrefix = "arXiv",
    eprint = "1609.07835",
    timestamp = "Mon, 01 Jun 2020 15:30:51 +0200",
    biburl = "https://dblp.org/rec/journals/corr/StumbergUESC16.bib",
    bibsource = "dblp computer science bibliography, https://dblp.org",
    doi = "10.1109/ECMR.2017.8098709"
}

@article{light_dense_yolo,
    author = "Arsalan, Muhammad",
    year = "2018",
    month = "05",
    pages = "",
    title = "{LightDenseYOLO: A Fast and Accurate Marker Tracker for Autonomous UAV Landing by Visible Light Camera Sensor on Drone}",
    volume = "18",
    journal = "Sensors",
    doi = "10.3390/s18061703"
}

@inproceedings{Lightbody:2017:VHV:3019612.3019709,
    author = "Lightbody, Peter and Krajn\'{\i}k, Tom\'{a}\v{s} and Hanheide, Marc",
    title = "A Versatile High-performance Visual Fiducial Marker Detection System with Scalable Identity Encoding",
    booktitle = "Proceedings of the Symposium on Applied Computing",
    series = "SAC '17",
    year = "2017",
    isbn = "978-1-4503-4486-9",
    location = "Marrakech, Morocco",
    pages = "276--282",
    numpages = "7",
    doi = "10.1145/3019612.3019709",
    acmid = "3019709",
    publisher = "ACM",
    address = "New York, NY, USA",
    keywords = "computer vision, fiducial markers, swarm robotics"
}

@inproceedings{monocular_pose_estimation,
    author = "{Zhenglong}, G. and {Qiang}, F. and {Quan}, Q.",
    booktitle = "2018 37th Chinese Control Conference (CCC)",
    title = "Pose Estimation for Multicopters Based on Monocular Vision and AprilTag",
    year = "2018",
    volume = "",
    number = "",
    pages = "4717-4722"
}

@inproceedings{ar_tag,
    author = "Fiala, Mark and Fiala, Mark",
    title = "{ARTag}, a Fiducial Marker System Using Digital Techniques",
    booktitle = "Proceedings of the 2005 IEEE Computer Society Conference on Computer Vision and Pattern Recognition (CVPR'05) - Volume 2 - Volume 02",
    series = "CVPR '05",
    year = "2005",
    isbn = "0-7695-2372-2",
    pages = "590--596",
    numpages = "7",
    doi = "10.1109/CVPR.2005.74",
    acmid = "1069138",
    publisher = "IEEE Computer Society",
    address = "Washington, DC, USA"
}

@INPROCEEDINGS{apriltag_paper,
    author = "{Olson}, E.",
    booktitle = "2011 IEEE International Conference on Robotics and Automation",
    title = "AprilTag: A robust and flexible visual fiducial system",
    year = "2011",
    volume = "",
    number = "",
    pages = "3400-3407",
    doi = "10.1109/ICRA.2011.5979561"
}

@inproceedings{apriltag2_paper,
    author = "Wang, John and Olson, Edwin",
    year = "2016",
    month = "10",
    pages = "4193-4198",
    title = "AprilTag 2: Efficient and robust fiducial detection",
    doi = "10.1109/IROS.2016.7759617"
}

@inproceedings{apriltag3_paper,
    author = "{Krogius}, M. and {Haggenmiller}, A. and {Olson}, E.",
    booktitle = "2019 IEEE/RSJ International Conference on Intelligent Robots and Systems (IROS)",
    title = "{Flexible Layouts for Fiducial Tags}",
    year = "2019",
    volume = "",
    number = "",
    pages = "1898-1903",
    doi = "10.1109/IROS40897.2019.8967787"
}

@inproceedings{whycon_paper,
    Author = "Nitsche, Matias and Krajník, Tomáš and Čížek, Petr and Mejail, Marta and Duckett, Tom",
    Booktitle = "IROS Workshop on Open Source Aerial Robotics",
    Title = "WhyCon: An Efficent, Marker-based Localization System",
    Year = "2015",
    url = "https://core.ac.uk/download/pdf/42583963.pdf"
}

@inproceedings{whycode_paper,
    author = "Lightbody, Peter and Krajn\'{\i}k, Tom\'{a}\v{s} and Hanheide, Marc",
    title = "A Versatile High-performance Visual Fiducial Marker Detection System with Scalable Identity Encoding",
    booktitle = "Proceedings of the Symposium on Applied Computing",
    series = "SAC '17",
    year = "2017",
    isbn = "978-1-4503-4486-9",
    location = "Marrakech, Morocco",
    pages = "276--282",
    numpages = "7",
    doi = "10.1145/3019612.3019709",
    acmid = "3019709",
    publisher = "ACM",
    address = "New York, NY, USA",
    keywords = "computer vision, fiducial markers, swarm robotics"
}

@masterthesis{apriltag_whycon_comparison,
    author = "Irmisch, Patrick",
    year = "2017",
    month = "12",
    pages = "",
    title = "Camera-based distance estimation for autonomous vehicles",
    school = {Technische Universit{\"a}t Berlin}
}

@INPROCEEDINGS{visual_servoing,
    author = "{Lee}, D. and {Ryan}, T. and {Kim}, H. J.",
    booktitle = "2012 IEEE International Conference on Robotics and Automation",
    title = "Autonomous landing of a {VTOL} {UAV} on a moving platform using image-based visual servoing",
    year = "2012",
    volume = "",
    number = "",
    pages = "971-976",
    doi = "10.1109/ICRA.2012.6224828",
    ISSN = "1050-4729",
    month = "May"
}

@article{high_velocity_landing,
    author = "Borowczyk, Alexandre and Nguyen, Duc-Tien and {Phu-Van Nguyen}, André and Nguyen, Dang Quang and Saussié, David and Ny, Jerome Le",
    title = "Autonomous Landing of a Multirotor Micro Air Vehicle on a High Velocity Ground Vehicle",
    journal = "IFAC-PapersOnLine",
    volume = "50",
    number = "1",
    pages = "10488-10494",
    year = "2017",
    note = "20th IFAC World Congress",
    issn = "2405-8963",
    doi = "https://doi.org/10.1016/j.ifacol.2017.08.1980"
}

@INPROCEEDINGS{drq_landing,
    author = "{Polvara}, R. and {Patacchiola}, M. and {Sharma}, S. and {Wan}, J. and {Manning}, A. and {Sutton}, R. and {Cangelosi}, A.",
    booktitle = "2018 International Conference on Unmanned Aircraft Systems (ICUAS)",
    title = "Toward End-to-End Control for {UAV} Autonomous Landing via Deep Reinforcement Learning",
    year = "2018",
    volume = "",
    number = "",
    pages = "115-123",
    keywords = "autonomous aerial vehicles;cameras;learning (artificial intelligence);mobile robots;optimal control;sensor fusion;UAV autonomous landing;deep reinforcement learning;unmanned aerial vehicle;open problem;hand-crafted geometric features;sensor-data fusion;fiducial marker;low-resolution images;Deep Q-Networks;high-end control policy;optimal control policy;double DQN;buffer replay;Cameras;Sensors;Drones;Kernel;Task analysis;Global Positioning System",
    doi = "10.1109/ICUAS.2018.8453449",
    ISSN = "2575-7296",
    month = "June"
}

@article{pid_design,
    author = "Paz, Robert",
    year = "2001",
    month = "June",
    pages = "",
    title = "The Design of the {PID} Controller",
    journal = "Klipsch School of Electrical and Computer Engineering"
}

@article{pid_control,
    author = "Åström, K.J. and Albertos, P. and Quevedo, Joseba",
    year = "2001",
    month = "11",
    pages = "1159–1161",
    title = "{PID} control",
    volume = "9",
    journal = "Control Engineering Practice",
    doi = "10.1016/S0967-0661(01)00061-2"
}

@misc{ardupilot_website,
    title = {ArduPilot.org},
    url = {https://ardupilot.org/}
}

@article{ardupilot_pid,
    title = "Copter Attitude Control",
    url = "https://ardupilot.org/dev/docs/apmcopter-programming-attitude-control-2.html",
    journal = "Copter Attitude Control - Dev documentation"
}

@book{quaternions_reference,
    author = "Hanson, Andrew J.",
    title = "Visualizing Quaternions",
    year = "2006",
    isbn = "9780080474779",
    publisher = "Morgan Kaufmann Publishers Inc.",
    address = "San Francisco, CA, USA"
}

@misc{ros_camera_calibration,
    title = "Calibrating a Monocular Camera with ROS",
    url = "http://ros-developer.com/2017/04/23/camera-calibration-with-ros/",
    journal = "Robotics with ROS",
    year = "2019",
    month = "Apr"
}

@article{accurate_landing_UAV_ground_pattern,
    author = "Wubben, Jamie and Fabra, Francisco and Calafate, Carlos and Krzeszowski, Tomasz and Marquez-Barja, Johann and Cano, Juan-Carlos and Manzoni, Pietro",
    year = "2019",
    month = "12",
    pages = "1532",
    title = "Accurate Landing of Unmanned Aerial Vehicles Using Ground Pattern Recognition",
    volume = "8",
    doi = "10.3390/electronics8121532",
    journal = "Electronics"
}

@inproceedings{vision_based_x_platform,
    author = "Falanga, Davide and Zanchettin, Alessio and Simovic, Alessandro and Delmerico, Jeffrey and Scaramuzza, Davide",
    year = "2017",
    month = "10",
    pages = "",
    title = "Vision-based Autonomous Quadrotor Landing on a Moving Platform",
    doi = "10.1109/SSRR.2017.8088164"
}

@inbook{drone_landing_unstructured_environments,
    author = "Pluckter, Kevin and Scherer, Sebastian",
    year = "2020",
    month = "01",
    pages = "177-187",
    title = "Precision UAV Landing in Unstructured Environments",
    isbn = "978-3-030-33949-4",
    doi = "10.1007/978-3-030-33950-0\_16"
}

@article{aruco_orig,
    author = "Garrido-Jurado, Sergio and Muñoz-Salinas, Rafael and Madrid-Cuevas, Francisco and Marín-Jiménez, Manuel",
    year = "2014",
    month = "06",
    pages = "2280–2292",
    title = "Automatic generation and detection of highly reliable fiducial markers under occlusion",
    volume = "47",
    journal = "Pattern Recognition",
    doi = "10.1016/j.patcog.2014.01.005"
}

@mastersthesis{wynn,
    author = "Wynn, Jesse S.",
    title = "Visual Servoing for Precision Shipboard Landing of an Autonomous Multirotor Aircraft System",
    school = "Brigham Young University",
    url = "http://hdl.lib.byu.edu/1877/etd10385",
    year = "2018",
    month = "9",
    day = "1"
}

@online{pixhawk_website,
    author = "Meier, Lorenz",
    title = "Pixhawk",
    url = "https://pixhawk.org/",
    note = "(accessed: 2020.6.5)",
    keywords = "pixhawk, autopilot"
}

@online{navio2_website,
    author = "Emlid",
    title = "Navio2",
    url = "https://emlid.com/navio/",
    note = "(accessed: 2020.6.5)",
    keywords = "pixhawk, autopilot"
}

@online{precision_land_website,
    author = "{ArduPilot Dev Team}",
    title = "Precision Landing and Loiter with IR-LOCK",
    url = "https://ardupilot.org/copter/docs/precision-landing-with-irlock.html",
    note = "(accessed: 2020.6.5)",
    keywords = "pixhawk, autopilot"
}

@online{gazebo,
    title = "Gazebo: Robot simulation made easy.",
    url = "http://gazebosim.org/",
    note = "(accessed: 2020.6.5)",
    keywords = "pixhawk, autopilot"
}

@online{ardupilot_gazebo_plugin,
    title = "Ardupilot Gazebo Plugin \\& Models",
    url = "https://github.com/SwiftGust/ardupilot\\_gazebo",
    note = "(accessed: 2020.6.5)",
    keywords = "pixhawk, autopilot"
}

@online{ros,
    title = "{Robot Operating System (ROS})",
    url = "https://www.ros.org/",
    note = "(accessed: 2020.6.5)",
    keywords = "pixhawk, autopilot"
}

@online{tf2,
    title = "Transform Library (TF2)",
    url = "http://wiki.ros.org/tf2",
    note = "(accessed: 2020.6.5)",
    keywords = "pixhawk, autopilot"
}

@online{edited_ardupilot_gazebo,
    title = "Edited ArduPilot Gazebo Repository (Gazebo 9 branch)",
    url = "https://github.com/uzgit/ardupilot\_gazebo/tree/gazebo9",
    note = "(accessed: 2020.6.5)",
    keywords = "pixhawk, autopilot"
}

@online{edited_apriltag,
    title = "{Edited April Tag Repository}",
    url = "https://github.com/uzgit/apriltag",
    note = "(accessed: 2021.3.25)",
    keywords = "April Tag"
}

@online{qgroundcontrol,
    title = "QGroundControl: Intuitive and Powerful Ground Control Station for the MAVLink protocol.",
    url = "http://qgroundcontrol.com/",
    note = "(accessed: 2020.6.5)",
    keywords = "pixhawk, autopilot"
}

@phdthesis{pitch_roll_yaw_dji_source,
    author = "Demange, Jacques",
    year = "2019",
    month = "06",
    pages = "",
    title = "{Next-generation positioning for direct georeferencing of multispectral imagery from an Unmanned Aerial System (UAS): applications in Precision Agriculture}"
}

@INPROCEEDINGS{adaptive_swarm_data,
  author={P. {Smith} and R. {Hunjet} and A. {Aleti} and J. C. {Barca}},
  booktitle={2017 27th International Telecommunication Networks and Applications Conference (ITNAC)},
  title={Adaptive data transfer methods via policy evolution for UAV swarms},
  year={2017},
  volume={},
  number={},
  pages={1-8},
  doi={10.1109/ATNAC.2017.8215356}}

@inproceedings{maritine_infrastructure_inspection,
author = {Stein, Michael},
year = {2020},
month = {04},
pages = {},
title = {{Unmanned maritime infrastructure inspection-a mixed method risk management approach from German port facilities}}
}

@article{ocean_going_autonomous_ship,
author = {Felski, Andrzej and Zwolak, Karolina},
year = {2020},
month = {01},
pages = {41},
title = {The Ocean-Going Autonomous Ship—Challenges and Threats},
volume = {8},
journal = {Journal of Marine Science and Engineering},
doi = {10.3390/jmse8010041}
}

@inproceedings{possible_futures_of_autonomous_transport,
author = {Benson, Christopher and D S, Pranav and Colling, Alina},
year = {2018},
month = {06},
pages = {},
title = {{A Quantitative Analysis of Possible Futures of Autonomous Transport}}
}

@article{yara,
author = {Cross, John and Meadow, Gordon and Com, Istockphoto and Jostaphot},
year = {2017},
month = {09},
pages = {23-27},
title = {Autonomous Ships 101},
volume = {Vol 12},
journal = {Journal of Ocean Technology}
}

 @misc{kongsberg_maritime_2017,
 title={{Autonomous ship project, key facts about YARA Birkeland}}, url={https://www.kongsberg.com/maritime/support/themes/autonomous-ship-project-key-facts-about-yara-birkeland/},
 journal={Kongsberg Maritime}, year={2017}
 }

 @article{legal_autonomous_ships,
author = {Karlis, Thanasis},
year = {2018},
month = {01},
pages = {1-10},
title = {Maritime law issues related to the operation of unmanned autonomous cargo ships},
volume = {17},
journal = {WMU Journal of Maritime Affairs},
doi = {10.1007/s13437-018-0135-6}
}

@article{security_integration,
author = {Stein, Michael},
year = {2018},
month = {06},
pages = {556-583},
title = {{Integrating Unmanned Vehicles in Port Security Operations: An Introductory Analysis and First Applicable Frameworks}},
volume = {32},
journal = {Ocean Yearbook Online},
doi = {10.1163/22116001-03201022}
}

@inbook{gantry_crane,
author = {Stein, Michael},
year = {2018},
month = {01},
pages = {154-161},
title = {Conducting Safety Inspections of Container Gantry Cranes Using Unmanned Aerial Vehicles},
isbn = {978-3-319-74224-3},
doi = {10.1007/978-3-319-74225-0_20}
}

 @misc{munin,
 title={MUNIN},
 howpublished="\url{http://www.unmanned-ship.org/munin/}",
 journal={Subscribe RSS}, publisher={European Commission},
 year={2016}}

 @misc{lr,
  title = {ShipRight Design and Construction, Additional Design Procedures, Design Code for Unmanned Marine Systems},
  author = {Lloyd's Register},
  note = {Accessed: 2021},
}

 @article{antwerp, url={https://www.drycargomag.com/port-of-antwerp-deploys-autonomous-drones-for-safety-enforcement}, journal={Port of Antwerp deploys autonomous drones for safety enforcement}, publisher={Dry Cargo International}, year={2021}, month={Feb}}

  @article{rotterdam, url={https://www.drycargomag.com/drone-deliveries-take-off-at-the-port-of-rotterdam},
  title={{Drone deliveries take off at the Port of Rotterdam}},
  note={Dry Cargo International},
  year={2020},
  month={May}}

   @misc{hamburg,
   title={{Water Drone Christened in the Port of Hamburg}}, url={https://www.maritimeprofessional.com/news/water-drone-christened-port-hamburg-356643},
   journal={Maritime Logistics Professional},
   publisher={Maritime Logistics Professional},
   author={Howard, Michelle},
   year={2020},
   month={Mar}}

 @misc{eit,
     title={Game of drones – unmanned aerial vehicles in mineral exploration and geological mapping},
     url={https://eitrawmaterials.eu/game-of-drones-unmanned-aerial-vehicles-in-mineral-exploration-and-geological-mapping/},
     journal={EIT RawMaterials},
     year={2020},
     month={Dec}}